@book{thebook,
	author   = {Ricardo Vélez Ibarrola},
	title    = {Cálculo de probabilidades 2},
	publisher = {Ediasa},
	date     = {2004},
}
@online{AerinKim,
	title        = {List of Aerin Kim statistics and probability articles},
	author		 = {Aerin Kim},
	date         = {2020},
	urldate      = {2020-07-24},
	url          = {https://towardsdatascience.com/@aerinykim},
}
@online{gammafunct,
	title        = {Introduction to the Gamma Function},
	organization = {National Taiwan University},
	date         = {2002},
	urldate      = {2020-07-18},
	url          = {https://www.csie.ntu.edu.tw/~b89089/link/gammaFunction.pdf},
}